%%%%%%%%%%%%%%%%%%%%%%%%%%%%%%%%%%%%%%%%%%% INTRODUCTION SECTION %%%%%%%%%%%%%%%%%%%%%%%%%%%%%%%%%%%%%%%%%%%%

% Vectra 3.0 software user manual
@manual{vectra_user_manual,
author       = "{PerkinElmer}",
title        = "Vectra 3 Quantitative Pathology Imaging System User's Manual",
date         = "2016",
language     = "English",
version      = "Version 3.0.2",
organization = "{PerkinElmer}",
pagetotal    = "119",
}

% Vectra Polaris software user manual
@manual{polaris_user_manual,
author       = "{PerkinElmer}",
title        = "Vectra Polaris User Manual",
date         = "April 19th, 2018",
language     = "English",
version      = "Revision F",
organization = "{PerkinElmer}",
pagetotal    = "106",
}

%inForm software user manual
@manual{inform_user_manual,
author       = "{PerkinElmer}",
title        = "{inForm} User Manual",
date         = "2017",
language     = "English",
version      = "Version 2.3",
organization = "{PerkinElmer}",
pagetotal    = "146",
}

%Phenochart software user manual
@manual{phenochart_user_manual,
author       = "{PerkinElmer}",
title        = "Phenochart User Manual",
date         = "2016",
language     = "English",
version      = "Version 1.0.2",
organization = "{PerkinElmer}",
pagetotal    = "45",
}
